<record><leader>00000cas a22000007a 4500</leader><controlfield tag="001">19708045</controlfield><controlfield tag="008">890515d19071910nduwr ne      0    0eng d</controlfield><datafield ind1=" " ind2=" " tag="010"><subfield code="a">sn 88076391 </subfield></datafield><datafield ind1=" " ind2=" " tag="040"><subfield code="a">NOP</subfield><subfield code="b">eng</subfield><subfield code="c">NOP</subfield><subfield code="d">OCLCQ</subfield></datafield><datafield ind1=" " ind2=" " tag="042"><subfield code="a">msc</subfield></datafield><datafield ind1="0" ind2="4" tag="245"><subfield code="a">The Bowman County news.</subfield></datafield><datafield ind1=" " ind2=" " tag="260"><subfield code="a">Bowman, Bowman County, N.D. :</subfield><subfield code="b">McCann &amp; Billyard</subfield></datafield><datafield ind1=" " ind2=" " tag="300"><subfield code="a">v. :</subfield><subfield code="b">ill. ;</subfield><subfield code="c">50-55 cm.</subfield></datafield><datafield ind1=" " ind2=" " tag="310"><subfield code="a">Weekly</subfield></datafield><datafield ind1="1" ind2=" " tag="362"><subfield code="a">Began in 1907.</subfield></datafield><datafield ind1="0" ind2=" " tag="362"><subfield code="a">-v. 4, no. 48 (Dec. 29, 1910).</subfield></datafield><datafield ind1=" " ind2=" " tag="500"><subfield code="a">"Official paper of city and county," 1908-1910.</subfield></datafield><datafield ind1=" " ind2=" " tag="500"><subfield code="a">Special Harding County [S.D.] edition published June 10, 1909.</subfield></datafield><datafield ind1=" " ind2=" " tag="530"><subfield code="a">Available on microfilm from the State Historical Society of North Dakota.</subfield></datafield><datafield ind1=" " ind2=" " tag="588"><subfield code="a">Description based on: Vol. 2, no. 7 (Mar. 5, 1908).</subfield></datafield><datafield ind1=" " ind2=" " tag="752"><subfield code="a">United States</subfield><subfield code="b">North Dakota</subfield><subfield code="c">Bowman</subfield><subfield code="d">Bowman.</subfield></datafield><datafield ind1="0" ind2="0" tag="785"><subfield code="t">Bowman citizen</subfield><subfield code="w">(DLC)sn 88076392</subfield></datafield><datafield ind1="1" ind2=" " tag="029"><subfield code="a">AU@</subfield><subfield code="b">000025838059</subfield></datafield></record>